%% This BibTeX bibliography file was created using BibDesk.
%% http://bibdesk.sourceforge.net/


%% Created for Roel Matthysen at 2012-10-16 12:40:54 +0200 


%% Saved with string encoding Unicode (UTF-8) 



@article{niederreiter2009,
	Author = {H. Niederreiter, F. Pillichshammer},
	Date-Added = {2012-10-16 10:37:43 +0000},
	Date-Modified = {2012-10-16 10:39:51 +0000},
	Journal = {Constructive Approximation},
	Number = {30},
	Pages = {361-393},
	Title = {Construction Algorithms for Good Extensible Lattice Rules},
	Year = {2009}}

@article{korobov1967,
	Author = {N. M. Korobov},
	Date-Added = {2012-10-16 08:50:44 +0000},
	Date-Modified = {2012-10-16 08:53:39 +0000},
	Journal = {Uspekhi Mat. Nauk.},
	Number = {135},
	Pages = {83-118},
	Title = {Some problems in the theory of Diophantine approximation},
	Year = {1967}}

@book{korobov1963,
	Author = {N. M. Korobov},
	Date-Added = {2012-10-16 08:47:23 +0000},
	Date-Modified = {2012-10-16 08:50:43 +0000},
	Publisher = {Fizmatgiz},
	Title = {Number-theoretic methods in approximate analysis},
	Year = {1963}}

@article{korobov1982,
	Author = {N. M. Korobov},
	Date-Added = {2012-10-16 08:45:00 +0000},
	Date-Modified = {2012-10-16 08:46:56 +0000},
	Journal = {Soviet Math. Dokl.},
	Pages = {590-593},
	Rating = {5},
	Read = {1},
	Title = {On The Computation Of Optimal Coefficients},
	Volume = {26},
	Year = {1982}}
